# https://verbosus.com/bibtex-style-examples.html

@misc{LibreLogo,
author = {László Németh},
title = {Manuale di comandi di Librelogo},	    
howpublished = "\url{https://help.libreoffice.org/Writer/LibreLogo_Toolbar/it}",
note = {Accessed: 2017-08-13}
}
@misc{LibreLogo2,
author = {László Németh},
title = {Esempi di uso Librelogo (ungherese)},	    
howpublished = "\url{http://www.numbertext.org/logo/logofuzet.pdf}",
note = {Accessed: 2017-08-13}
}
@misc{LibreLogo3,
author = {Lakó Viktória},
title = {Manuale di comandi di Librelogo},	    
howpublished = "\url{http://szabadszoftver.kormany.hu/wp-content/uploads/librelogo_oktatasi_segedanyag_v4.pdf}",
note = {Accessed: 2017-08-13}
}
@book{Papert,
  author    = {Seymour Papert}, 
  title     = {Mindstorms, Children, Computers, and Powerful Ideas},
  publisher = {Basic books},
  year      = 1993,
  address   = {New York},
  edition   = 2,
}
@book{Castelnuovo,
  author    = {Emma Castelnuovo}, 
  title     = {L'officina matematica – ragionare con i materiali},
  publisher = {Edizioni La Meridiana},
  year      = 2008,
  address   = {Molfetta},
  edition   = 2,
}
@misc{Weintrop,
  author  = {Weintrop David}, 
  title   = {Comparing Block-based, Text-based, and Hybrid Blocks/Text Programming Environments in Introductory Computer Science Classes},
  howpublished = "\url{http://dweintrop.github.io/papers/Weintrop-diss-4pager.pdf}",
  note = {Accessed: 2017-08-13}
}
@proceedings{proceedings,
  title        = {The title of the work},
  year         = 1993,
  editor       = {Peter Kidwelly},
  volume       = 4,
  series       = 5,
  address      = {The address of the publisher},
  month        = 7,
  organization = {The organization},
  publisher    = {The name of the publisher},
  note         = {An optional note}
}
@misc{Weintrop2,
  author  = {Weintrop David e Wilensky U.}, 
  title   = {Using commutative assessments to compare conceptual understanding in blocks based and text based programs},
  journal = {Proceedings of the 11th annual International Computing Education Research (ICER) conference},
  year    = 2015,
  pages   = {101-110},
  howpublished = "\url{http://dweintrop.github.io/papers/Weintrop_Wilensky_ICER_2015.pdf}",
  note = {Accessed: 2017-08-13}
}
@misc{Lewis,
  author  = {Lewis Colleen}, 
  title   = {How programming environment shapes perception, learning and goals: Logo vs. Scratch},
  journal = {Proc. Of the 41st Annual ACM SIGCSE Conference, ACM NY},
  year    = 2015,
  pages   = {346-350},
  howpublished = "\url{http://ims.mii.lt/ims/konferenciju_medziaga/SIGCSE'10/docs/p346.pdf}",
  note = {Accessed: 2017-08-13}
}
@misc{Weintrop3,
  author  = {Weintrop David e Wilensky U.}, 
  title   = {To Block or not to Block, That is the Question: Students’ Perceptions of Blocks-based Programming},
  journal = {Proceedings of the 14th International Conference on Interaction Design and Children, ACM NY},
  year    = 2015,
  pages   = {199-208},
  howpublished = "\url{http://dweintrop.github.io/papers/Weintrop_Wilensky_ICER_2015.pdf}",
  note = {Accessed: 2017-08-13}
}
@book{Munari,
  author    = {Munari Bruno}, 
  title     = {Fantasia},
  publisher = {Laterza},
  year      = 2017,
  address   = {Roma},
  edition   = 28,
}
@book{Reggini,
  author    = {Reggini Horacio C.}, 
  title     = {Logo: ali per la mente},
  publisher = {Mondadori},
  year      = 1984,
  address   = {Milano},
}
@book{Abelson,
  author    = {Abelson Harold e DiSessa Andrea A.}, 
  title     = {Turtle Geometry: The Computer as a Medium for Exploring Mathematics},
  publisher = {The MIT Press},
  year      = 1986,
  address   = {Cambridge, Masssachusetts},
}
@book{Press,
  author    = {Press William H., Teukolsky Saul A., Vetterling William T. e Flannery Brian P.}, 
  title     = {Numerical Recipes – The Art of Scientific Computing},
  publisher = {Cambridge University Press},
  year      = 2007,
  address   = {Cambridge, Masssachusetts},
}
@article{Sherin,
    author  = "Sherin Bruce L.",
    title   = "A comparison of programming languages and algebraic notation as expressive languages for physics.",
    year    = "2001",
    journal = "Int. Journal of Computers for Mathematical Learning",
    volume  = "6",
    pages   = "1--61"
}
@article{DiSessa,
    author  = "DiSessa Andrea A., Abelson Harold e Ploger D.",
    title   = "An overview of Boxer.",
    year    = "1991",
    journal = "Journal of Mathematical Behavior",
    volume  = "10",
    pages   = "3--15"
}
@article{Persico,
    author  = "Persico Enrico",
    title   = "Che cos’è che non va?",
    year    = "1956",
    journal = "Giornale di Fisica",
    volume  = "1",
    pages   = "64--67"
}

